%%%%Referencias a mano
@misc{AtlasMuonDiagram,
	title = {{ATLAS Muon Detector Commissioning}},
	year = {2009},
	author = {{Diehl, E}},
	url = {http://cds.cern.ch/record/1213055/plots}
}

@misc{AtlasMuonSpect,
	title = {{Muon Spectometer}},
	year = {2020},
	author = {{ATLAS Experiment}},
	url = {http://cds.cern.ch/record/1213055/plots}
}

@report{Chapman2014,
	abstract = {11},
	author = {J Chapman and T Dai and E Diehl and H Feng and L Guan and G Mikenberg and V Smakhtin and J Yu and B Zhou and J Zhu and Z Zhao},
	title = {ATLAS NOTE Simulation Studies of Characteristics and Performances of small-strip, Thin Gap Chambers for the ATLAS New Small Wheel 4 Muon Detector Upgrade},
	year = {2014},
}

@article{GEMTracker,
	abstract = {The user has requested enhancement of the downloaded file.},
	author = {Valérie De Smet},
	doi = {10.13140/RG.2.2.15950.46402},
	title = {Study of a GEM tracker of charged particles for the Hall A high luminosity spectrometers at Jefferson Lab},
	url = {https://www.researchgate.net/publication/318016226},
	year = {2011},
}


%%%%%%%%%%%%%%%%%%%%%%%%%%%%%%%%%%%%%%%%%%%%%%%%%%%%%%%%%%%%%%%%%%%%%%%%%
@misc{UniversidadIndustrialdeSantander2015MuTeVolcanica,
	title = {{"MuTe" Telescopio de Muones para Muongraf{\'{i}}a Volc{\'{a}}nica}},
	year = {2015},
	author = {{Universidad Industrial de Santander}},
	url = {https://halley.uis.edu.co/fuego/el-proyecto/conceptos-y-tecnicas-basicas/muongrafia-de-volcanes/}
}

@book{AristoteleioPanepistemioThessalonikes.ResearchDisseminationCenter2019Greece.,
	title = {{2019 8th International Conference on Modern Circuits and Systems Technologies (MOCAST) : May 13-15, 2019, Aristotle University Research Dissemination Center (KEDEA), Thessaloniki, Greece.}},
	author = {{Aristoteleio Panepistēmio Thessalonikēs. Research Dissemination Center} and {Institute of Electrical and Electronics Engineers}},
	isbn = {9781728111841}
}

@techreport{Xilinx20107DS180,
	title = {{7 Series FPGAs Data Sheet: Overview (DS180)}},
	year = {2010},
	author = {{Xilinx} and {Inc}},
	url = {www.xilinx.com},
	keywords = {28 nm, 7 series, ASMBL, Artix7, DS180, Kintex-7, Spartan-7, Virtex-7}
}

@techreport{Xilinx20197Guide,
	title = {{7 Series FPGAs Memory Resources User Guide}},
	year = {2019},
	author = {{Xilinx} and {Inc}},
	url = {www.xilinx.com/legal.htm#tos.},
	keywords = {473, 7series, Block RAM, ECC, FIFO, artix7, bram, kintex7, ug473, virtex7}
}

@techreport{Xilinx7UG471,
	title = {{7 Series FPGAs SelectIO Resources User Guide (UG471)}},
	author = {{Xilinx} and {Inc}},
	url = {http://www.xilinx.com/warranty.htm#critapps.},
	keywords = {IDELAY, ILOGIC, IN{\_}FIFO, IO{\_}FIFO, ODELAY, OLOGIC, OUT{\_}FIFO}
}

@misc{Xilinx7Banks,
	title = {{7 Series, UltraScale, UltraScale+ FPGAs and MPSoC devices - LVDS{\_}33, LVDS{\_}25, LVDS{\_}18, LVDS inputs and outputs for High Range (HR) and High Performance (HP) I/O banks}},
	author = {{Xilinx} and {Inc}},
	number = {},
	volume = {},
	url = {https://www.xilinx.com/support/answers/43989.html}
}

@techreport{PurschkeADesign,
	title = {{A scalable, portable DAQ system design}},
	author = {Purschke, Martin L}
}

@article{Wang2019AUpgrade,
	title = {{A Scanning Test System of p/sFEB Based on FPGA XADC for the ATLAS Phase-I sTGC Upgrade}},
	year = {2019},
	journal = {IEEE Transactions on Nuclear Science},
	author = {Wang, Xinxin and Li, Feng and Liu, Shengquan and Miao, Peng and Zhang, Zhilei and Geng, Tianru and Zhou, Shuang and Jin, Ge},
	number = {7},
	month = {5},
	pages = {1249--1253},
	volume = {66},
	publisher = {Institute of Electrical and Electronics Engineers (IEEE)},
	doi = {10.1109/tns.2019.2911134},
	issn = {0018-9499}
}

@article{Hahn2019ACRYRINGESR,
	title = {{A scintillator‐based particle detector for CRYRING@ESR}},
	year = {2019},
	journal = {X-Ray Spectrometry},
	author = {Hahn, Christoph and Menz, Esther and Pf{\"{a}}fflein, Philip and Weber, Günter and St{\"{o}}hlker, Thomas},
	month = {9},
	publisher = {Wiley},
	doi = {10.1002/xrs.3112},
	issn = {0049-8246}
}

@inproceedings{Arpin2010AResources,
	title = {{A sub-nanosecond time interval detection system using FPGA embedded I/O resources}},
	year = {2010},
	booktitle = {IEEE Transactions on Nuclear Science},
	author = {Arpin, Louis and Bergeron, Mélanie and T{\'{e}}trault, Marc André and Lecomte, Roger and Fontaine, Réjean},
	number = {2 PART 1},
	month = {4},
	pages = {519--524},
	volume = {57},
	doi = {10.1109/TNS.2009.2039804},
	issn = {00189499},
	keywords = {ASIC, CMOS, Double data rate (DDR), Field programmable gate array (FPGA), Positron emission tomography (PET), Time to digital converter (TDC)}
}

@techreport{CheAcceleratingFPGAs,
	title = {{Accelerating Compute-Intensive Applications with GPUs and FPGAs}},
	author = {Che, Shuai and Li, Jie and Sheaffer, Jeremy W and Skadron, Kevin and Lach, John},
	url = {http://lava.cs.virginia.edu/wiki/rodinia.}
}

@misc{Gonzalez2020AlternativasTitulacion,
	title = {{Alternativas de Soluci{\'{o}}n de Proyecto de Titulaci{\'{o}}n}},
	year = {2020},
	author = {Gonz{\'{a}}lez, Jairo},
	address = {Valpara{\'{i}}so}
}

@techreport{Gonzalez2020AlternativasTitulacionb,
	title = {{Alternativas de Soluci{\'{o}}n de Proyecto de Titulaci{\'{o}}n}},
	year = {2020},
	author = {Gonz{\'{a}}lez, Jairo},
	pages = {11--13}
}

@misc{Rege2008AnArchitecture,
	title = {{An Introduction to Modern GPU Architecture}},
	year = {2008},
	author = {Rege, Ashu},
	url = {http://download.nvidia.com/developer/cuda/seminar/TDCI_Arch.pdf},
	institution = {NVIDIA}
}

@misc{Arbitrary-paletteAlgorithm,
	title = {{Arbitrary-palette Positional Dithering Algorithm}},
	url = {https://bisqwit.iki.fi/story/howto/dither/jy/}
}

@techreport{Xilinx2018Artix-7DS181,
	title = {{Artix-7 FPGAs Data Sheet: DC and AC Switching Characteristics (DS181)}},
	year = {2018},
	author = {{Xilinx} and {Inc}},
	url = {www.xilinx.com},
	keywords = {-2L, Artix, L2, XADC}
}

@inproceedings{Ivanov2016AsynchronousASIC,
	title = {{Asynchronous data readout system for multichannel ASIC}},
	year = {2016},
	booktitle = {Journal of Physics: Conference Series},
	author = {Ivanov, P. Y. and Atkin, E. V.},
	number = {4},
	volume = {675},
	publisher = {Institute of Physics Publishing},
	doi = {10.1088/1742-6596/675/4/042029},
	issn = {17426596}
}

@techreport{1999ATLASICs,
	title = {{ATLAS Thin Gap Chamber Production Readiness Review Report Amplififer-Shaper-Discriminator ICs}},
	year = {1999},
	url = {http://online.kek.jp/~sosamu/ASD-PRR.pdf}
}

@techreport{1999ATLASICsb,
	title = {{ATLAS Thin Gap Chamber Production Readiness Review Report Amplififer-Shaper-Discriminator ICs}},
	year = {1999},
	url = {http://online.kek.jp/~sosamu/ASD-PRR.pdf}
}

@inproceedings{Nurvitadhi2017CanNetworks,
	title = {{Can FPGAs beat GPUs in accelerating next-generation deep neural networks?}},
	year = {2017},
	booktitle = {FPGA 2017 - Proceedings of the 2017 ACM/SIGDA International Symposium on Field-Programmable Gate Arrays},
	author = {Nurvitadhi, Eriko and Venkatesh, Ganesh and Sim, Jaewoong and Marr, Debbie and Huang, Randy and Ong, Jason Gee Hock and Liew, Yeong Tat and Srivatsan, Krishnan and Moss, Duncan and Subhaschandra, Suchit and Boudoukh, Guy},
	month = {2},
	pages = {5--14},
	publisher = {Association for Computing Machinery, Inc},
	isbn = {9781450343541},
	doi = {10.1145/3020078.3021740},
	keywords = {Accelerator, Deep learning, GPU, Intel Stratix 10 FPGA}
}

@techreport{Spannagel2019Caribou-AMotivation,
	title = {{Caribou-A Versatile Data Acquisition System On behalf of the CLICdp collaboration Motivation}},
	year = {2019},
	author = {Spannagel, Simon and Vanat, Tomas}
}

@article{Qasaimeh2019ComparingKernels,
	title = {{Comparing Energy Efficiency of CPU, GPU and FPGA Implementations for Vision Kernels}},
	year = {2019},
	journal = {IEEE International Conference on Embedded Software and Systems (ICESS)},
	author = {Qasaimeh, Murad and Denolf, Kristof and Lo, Jack and Vissers, Kees and Zambreno, Joseph and H. Jones, Phillip},
	isbn = {9781728124377}
}

@techreport{Xilinx2015Cost-OptimizedGuide,
	title = {{Cost-Optimized Portfolio Product Tables and Product Selection Guide}},
	year = {2015},
	author = {{Xilinx}},
	keywords = {Public}
}

@book{Fruhwirth2000DataPhysics.,
	title = {{Data analysis techniques for high-energy physics.}},
	year = {2000},
	author = {Frühwirth, R. (Rudolf) and Regler, M.},
	pages = {384},
	publisher = {Cambridge University Press},
	isbn = {0521635489}
}

@inproceedings{Colombo2015Data-flowCase,
	title = {{Data-flow performance optimisation on unreliable networks: The ATLAS data-acquisition case}},
	year = {2015},
	booktitle = {Journal of Physics: Conference Series},
	author = {Colombo, Tommaso},
	number = {1},
	month = {5},
	volume = {608},
	publisher = {Institute of Physics Publishing},
	doi = {10.1088/1742-6596/608/1/012005},
	issn = {17426596}
}

@article{Pavitha2012DesignFPGA,
	title = {{Design and Implementation of Image Dithering Engine on a Spartan 3AN FPGA}},
	year = {2012},
	journal = {International Journal of Future Computer and Communication},
	author = {Pavitha, U. S. and Nikhila, S. and Krutthika, H. K.},
	pages = {361--365},
	publisher = {EJournal Publishing},
	url = {https://pdfs.semanticscholar.org/cb4a/2bd4c88bb7c30aea1a7c71f1cc741673580b.pdf},
	doi = {10.7763/ijfcc.2012.v1.96}
}

@article{Njejimana2013DesignImaging,
	title = {{Design of a real-time fpga-based data acquisition architecture for the labpet ii: An apd-based scanner dedicated to small animal pet imaging}},
	year = {2013},
	journal = {IEEE Transactions on Nuclear Science},
	author = {Njejimana, Larissa and Tetrault, Marc Andre and Arpin, Louis and Burghgraeve, Adrien and Maille, Pascale and Lavoie, Jean Christophe and Paulin, Caroline and Koua, Konin C. and Bouziri, Heythem and Panier, Sylvain and Attouch, Mohamed W.Ben and Abidi, Mouadh and Cadorette, Jules and Pratte, Jean Francois and Lecomte, Roger and Fontaine, Rejean},
	number = {5},
	pages = {3633--3638},
	volume = {60},
	doi = {10.1109/TNS.2013.2250307},
	issn = {00189499},
	keywords = {Field-programmable gate array (FPGA), positron emission tomography (PET), time-over-threshold (TOT)}
}

@article{Marcatili2011DevelopmentDetector,
	title = {{Development and characterization of a modular acquisition system for a 4D PET block detector}},
	year = {2011},
	journal = {Nuclear Instruments and ods in Physics Research, Section A: Accelerators, Spectrometers, Detectors and Associated Equipment},
	author = {Marcatili, Sara and Belcari, Nicola and Bisogni, Maria G. and Collazuol, Gianmaria and Ambrosi, Giovanni and Corsi, Francesco and Foresta, Maurizio and Marzocca, Cristoforo and Matarrese, Gianvito and Sportelli, Giancarlo and Guerra, Pedro and Santos, Andres and Del Guerra, Alberto},
	number = {1},
	month = {12},
	pages = {494--498},
	volume = {659},
	doi = {10.1016/j.nima.2011.08.042},
	issn = {01689002},
	keywords = {ASIC, DAQ, PET, SiPM matrices}
}

@article{Asafa2018DevelopmentRobot,
	title = {{Development of a vacuum cleaner robot}},
	year = {2018},
	journal = {Alexandria Engineering Journal},
	author = {Asafa, T. B. and Afonja, T. M. and Olaniyan, E. A. and Alade, H. O.},
	number = {4},
	month = {12},
	pages = {2911--2920},
	volume = {57},
	publisher = {Elsevier B.V.},
	doi = {10.1016/j.aej.2018.07.005},
	issn = {11100168},
	keywords = {Control, Robot, Vacuum cleaner}
}

@techreport{Semiconductor2017DS1035Sheet,
	title = {{DS1035 - MachXO2 Family Data Sheet}},
	year = {2017},
	author = {Semiconductor, Lattice},
	url = {www.latticesemi.com},
	keywords = {DS1035, MachXO2}
}

@misc{Spieler2012ElectronicsAcquisition,
	title = {{Electronics and data acquisition}},
	year = {2012},
	booktitle = {Nuclear Instruments and Methods in Physics Research, Section A: Accelerators, Spectrometers, Detectors and Associated Equipment},
	author = {Spieler, Helmuth},
	month = {2},
	pages = {197--222},
	volume = {666},
	doi = {10.1016/j.nima.2011.04.060},
	issn = {01689002},
	keywords = {Electronics, Low noise analog electronics, Power, Radiation detectors, Radiation resistance, Readout systems, Signal processing}
}

@article{ELO307___Resumen_de_Proyecto_de_Titulacion,
	title = {{ELO307{\_}{\_}{\_}Resumen{\_}de{\_}Proyecto{\_}de{\_}Titulacion}}
}

@misc{Gonzalez2020EstadoTitulacion,
	title = {{Estado del Arte  de Proyecto de Titulaci{\'{o}}n}},
	year = {2020},
	author = {Gonz{\'{a}}lez, Jairo},
	institution = {Universidad T{\'{e}}cnica Federico Santa Mar{\'{i}}a},
	address = {Valpara{\'{i}}so}
}

@techreport{XilinxFIFOSuite,
	title = {{FIFO Generator v13.2 LogiCORE IP Product Guide Vivado Design Suite}},
	author = {{Xilinx} and {Inc}},
	url = {www.xilinx.com},
	keywords = {175, 317, 992, UltraScale+, artix, axi4, fifo, generator, kintex, memory, native, queue, spartan, ultrascale, virtex, zynq}
}

@article{Halyo2014FirstLHC,
	title = {{First evaluation of the CPU, GPGPU and MIC architectures for real time particle tracking based on Hough transform at the LHC}},
	year = {2014},
	journal = {Journal of Instrumentation},
	author = {Halyo, V. and LeGresley, P. and Lujan, P. and Karpusenko, V. and Vladimirov, A.},
	number = {4},
	volume = {9},
	publisher = {Institute of Physics Publishing},
	doi = {10.1088/1748-0221/9/04/P04005},
	issn = {17480221},
	keywords = {Particle tracking detectors, Trigger algorithms, Trigger concepts and systems (hardware and software)}
}

@techreport{SachsBeeckler2005FPGAHardware,
	title = {{FPGA Particle Graphics Hardware}},
	year = {2005},
	author = {Sachs Beeckler, John and Gross, Warren J}
}

@article{Falsafi2017FPGAsDatacenters,
	title = {{FPGAs versus GPUs in Datacenters}},
	year = {2017},
	journal = {IEEE Computer Society},
	author = {Falsafi, Babak and Dally, Bill and Singh, Desh and Chiou, Derek and J. Yi, Joshua and Sendag, Resit}
}

@book{Koch2006FPL2006,
	title = {{FPL 2006 : 2006 International Conference on Field-Programmable Logic and Applications, Madrid, Spain, August 28-30, 2006}},
	year = {2006},
	author = {Koch, Andreas. and Leong, Philip. and Boemo, Eduardo. and {IEEE Circuits and Systems Society.}},
	pages = {185},
	publisher = {IEEE},
	isbn = {142440312X}
}

@article{Luebke2007HowWorks,
	title = {{How GPUs Works}},
	year = {2007},
	journal = {IEEE Computer},
	author = {Luebke, David and Humphreys, Greg},
	url = {https://research.nvidia.com/publication/how-gpus-work},
	doi = {10.1109/MC.2007.59}
}

@techreport{1996IEEESociety,
	title = {{IEEE Standard for Low-Voltage Differential Signals (LVDS) for Scalable Coherent Interface (SCI) Microprocessor and Microcomputer Standards Committee of the IEEE Computer Society}},
	year = {1996},
	isbn = {1-55937-746-1},
	doi = {10.1109/IEEESTD.1996.81028},
	keywords = {backplane, bus, cable, differential, low power, point to point, scalable, signal}
}

@techreport{HollowayIntroductionISOTDAQ,
	title = {{Introduction to Field Programmable Gate Arrays Hannes Sakulin CERN / EP-CMD 10 th International School of Trigger and Data Acquisition (ISOTDAQ)}},
	author = {Holloway, Royal}
}

@misc{RosengerbIntroductionArchitecture,
	title = {{Introduction to GPU Architecture}},
	author = {Rosengerb, Ofer},
	url = {http://haifux.org/lectures/267/Introduction-to-GPUs.pdf},
	institution = {AMD}
}

@techreport{Klingenmeyer2007InventionPhysics,
	title = {{Invention and development of the multiwire proportional chamber Seminar on Nobel Prizes in Particle Physics}},
	year = {2007},
	author = {Klingenmeyer, Hannah},
	volume = {27}
}

@article{Isotdaq19.IZZO.DAQ-HW,
	title = {{isotdaq19.IZZO.DAQ-HW}}
}

@article{ISOTDAQ2019_Advanced_FPGA_Design,
	title = {{ISOTDAQ2019{\_}Advanced{\_}FPGA{\_}Design}}
}

@techreport{Low-VoltageLVDS,
	title = {{Low-Voltage Differential Signaling (LVDS)}}
}

@article{Mediumsizedaq2019,
	title = {{mediumsizedaq2019}}
}

@article{Basiladze2017Methods1,
	title = {{Methods for data readout, acquisition, and transfer in experimental nuclear physics setups (A Review, Part 1)}},
	year = {2017},
	journal = {Instruments and Experimental Techniques},
	author = {Basiladze, S. G.},
	number = {4},
	month = {7},
	pages = {463--521},
	volume = {60},
	publisher = {Maik Nauka Publishing / Springer SBM},
	doi = {10.1134/S002044121704011X},
	issn = {00204412}
}

@article{Basiladze2017Methods2,
	title = {{Methods for data readout, acquisition, and transfer in experimental nuclear physics setups (A review, part 2)}},
	year = {2017},
	journal = {Instruments and Experimental Techniques},
	author = {Basiladze, S. G.},
	number = {5},
	month = {9},
	pages = {615--678},
	volume = {60},
	publisher = {Maik Nauka Publishing / Springer SBM},
	doi = {10.1134/S0020441217050165},
	issn = {00204412}
}

@misc{OrderedWikipedia,
	title = {{Ordered Dithering - Wikipedia}},
	url = {https://en.wikipedia.org/wiki/Ordered_dithering}
}

@inproceedings{Rojas2020ProposalChip,
	title = {{Proposal of a charge monitoring board for thin gap chamber detectors based on DRS4 chip}},
	year = {2020},
	booktitle = {Proceedings of the IEEE International Conference on Industrial Technology},
	author = {Rojas, R. and Silva, C. and Kuleshov, S. and Mikenberg, G. and Carvajal, G. and Hakobyan, H. and Arredondo, V. and Gonzalez, J.},
	number = {},
	volume = {2020-Febru},
	isbn = {9781728157542},
	doi = {10.1109/ICIT45562.2020.9067149},
	keywords = {DRS4, FPGA, Monitoring, TGC}
}

@misc{CERN2020ROOT:Framework,
	title = {{ROOT: A Data Analysis Framework}},
	year = {2020},
	author = {{CERN}},
	url = {https://root.cern.ch}
}

@techreport{Gonzalez2020SeleccionTitulacion,
	title = {{Selecci{\'{o}}n de Alternativa de Proyecto de Titulaci{\'{o}}n}},
	year = {2020},
	author = {Gonz{\'{a}}lez, Jairo},
	pages = {7--9}
}

@inproceedings{Chung2010Single-chipGPGPUs,
	title = {{Single-chip heterogeneous computing: Does the future include custom logic, FPGAs, and GPGPUs?}},
	year = {2010},
	booktitle = {Proceedings of the Annual International Symposium on Microarchitecture, MICRO},
	author = {Chung, Eric S. and Milder, Peter A. and Hoe, James C. and Mai, Ken},
	pages = {225--236},
	isbn = {9780769542997},
	doi = {10.1109/MICRO.2010.36},
	issn = {10724451}
}

@article{Snla165,
	title = {{snla165}}
}

@techreport{RoyalHollowayUnSTRATEGIESEXPERIMENTS,
	title = {{STRATEGIES AND FUTURE TRENDS FOR TRIGGER AND DAQ SYSTEMS IN LHC EXPERIMENTS}},
	author = {Royal Holloway Un, FPastore}
}

@misc{TrenzElectronicGmbHTE0703SCH-TE0703-06,
	title = {{TE0703 Schematic SCH-TE0703-06}},
	author = {{Trenz Electronic GmbH}}
}

@misc{Whiteson2016TheSystem,
	title = {{The ATLAS Data acquisition and high level trigger system}},
	year = {2016},
	booktitle = {Journal of Instrumentation},
	author = {Whiteson, D. and Wickens, F. J. and Wiedenmann, W. and Wielers, M. and Wijeratne, P. A. and Winklmeier, F. and Woods, K. S. and Wu, S. L. and Wu, X. and Wynne, B. and Xella, S. and Yakovlev, A. and Yamazaki, Y. and Yang, U. and Yao, L. and Yasu, Y. and Yuan, L. and Zaitsev, A. and Zanello, L. and Zhang, H. and Zhang, J. and Zhao, L. and Zhou, N. and Zobernig, H. and Zur, Nedden M.},
	number = {6},
	month = {6},
	volume = {11},
	publisher = {Institute of Physics Publishing},
	doi = {10.1088/1748-0221/11/06/P06008},
	issn = {17480221},
	keywords = {Control and monitor systems online, Data acquisition concepts, Online farms and online filtering, Trigger concepts and systems (hardware and software)}
}

@techreport{2005ToOf,
	title = {{To learn more about ON Semiconductor, please visit our website at www.onsemi.com Is Now Part of}},
	year = {2005},
	url = {www.onsemi.com}
}

@techreport{ToolsDT5730/DT5725,
	title = {{Tools for Discovery n Electronic Instrumentation User Manual UM3148 DT5730/DT5725}},
	url = {www.caen.it}
}

@misc{TrenzElectronic2019TR07012Wiki,
	title = {{TR07012 TRM - Trenz Electronic Wiki}},
	year = {2019},
	author = {{Trenz Electronic}},
	url = {https://wiki.trenz-electronic.de/display/PD/TE0712+TRM}
}

@misc{TrenzElectronic2019TR0703Wiki,
	title = {{TR0703 TRM - Trenz Electronic Wiki}},
	year = {2019},
	author = {{Trenz Electronic}},
	url = {https://wiki.trenz-electronic.de/display/PD/TE0703+TRM}
}

@article{TriggerHardware_isotdaq2019,
	title = {{TriggerHardware{\_}isotdaq2019}}
}

@article{Ts0115,
	title = {{ts0115}}
}

@article{Unel-isotdaq2019,
	title = {{unel-isotdaq2019}}
}

@article{Stratford2018WelcomeGuide,
	title = {{Welcome to Mendeley: Quick Start Guide}},
	year = {2018},
	author = {Stratford, Matthew}
}

@techreport{2013Xilinxv14.7,
	title = {{Xilinx 7 Series FPGA and Zynq-7000 All Programmable SoC Libraries Guide for HDL Designs UG768 (v14.7)}},
	year = {2013},
	url = {http://www.xilinx.com/warranty.htm#critapps.}
}

@techreport{Xilinx2012XilinxDesigns,
	title = {{Xilinx 7 Series FPGA Libraries Guide for Schematic Designs}},
	year = {2012},
	author = {{Xilinx} and {Inc}},
	url = {www.xilinx.com},
	keywords = {7 series, 7series, Kintex-7, UG799, Virtex-7, artix7, design elements, fpga, kintex7.Artix-7, libraries guide, macro, primitive, schematic, virtex7}
}
